%Textbooks

@book{Lamarsh,
  author    = {Lamarsh, John R. and Baratta, Anthony J.},
  title     = {Introduction to Nuclear Engineering},
  edition   = {third},
  publisher = {Pretice Hall},
  year      = {2001},
  address   = {Upper Sadle River, New Jersey}
}

%Thesis/Dissertations


%Journals


%Reports


%Conferences


%Misc
